@article{andersson1989coherence,
  title={Coherence effects in deep inelastic scattering},
  author={Andersson, Bo and Gustafson, Gosta and L{\"o}nnblad, Leif and Pettersson, Ulf},
  journal={Zeitschrift f{\"u}r Physik C Particles and Fields},
  volume={43},
  pages={625--632},
  year={1989},
  publisher={Springer}
}

@article{Andersson:1978vj,
    author = "Andersson, Bo and Gustafson, G. and Peterson, C.",
    title = "{A Semiclassical Model for Quark Jet Fragmentation}",
    reportNumber = "LU-TP-78-5-REV, LU-TP-78-5",
    doi = "10.1007/BF01450386",
    journal = "Z. Phys. C",
    volume = "1",
    pages = "105",
    year = "1979"
}

@article{Cacciari:2008gp,
    author = "Cacciari, Matteo and Salam, Gavin P. and Soyez, Gregory",
    title = "{The anti-$k_t$ jet clustering algorithm}",
    eprint = "0802.1189",
    archivePrefix = "arXiv",
    primaryClass = "hep-ph",
    reportNumber = "LPTHE-07-03",
    doi = "10.1088/1126-6708/2008/04/063",
    journal = "JHEP",
    volume = "04",
    pages = "063",
    year = "2008"
}

@misc{CERN, url={https://home.cern/news/news/accelerators/accelerator-report-lhc-run-3-achieves-record-breaking-integrated-luminosity}, journal={CERN}} 

@article{ATLAS:2023hxv,
    collaboration = "ATLAS",
    title = "{Primary Vertex identification using deep learning in ATLAS}",
    reportNumber = "ATL-PHYS-PUB-2023-011",
    year = "2023"
}

@article{ATLAS:2020gwe,
    author = "Aad, Georges and others",
    collaboration = "ATLAS",
    title = "{Optimisation of large-radius jet reconstruction for the ATLAS detector in 13 TeV proton{\textendash}proton collisions}",
    eprint = "2009.04986",
    archivePrefix = "arXiv",
    primaryClass = "hep-ex",
    reportNumber = "CERN-EP-2020-134",
    doi = "10.1140/epjc/s10052-021-09054-3",
    journal = "Eur. Phys. J. C",
    volume = "81",
    number = "4",
    pages = "334",
    year = "2021"
}


@unpublished{Pequenao:1095929,
      author        = "Joao Pequenao",
      title         = "{Computer generated image of the ATLAS Muons subsystem}",
      year          = "2008",
      url           = "https://cds.cern.ch/record/1095929",
}


@unpublished{Pequenao:1095927,
      author        = "Joao Pequenao",
      title         = "{Computer Generated image of the ATLAS calorimeter}",
      year          = "2008",
      url           = "https://cds.cern.ch/record/1095927",
}

@misc{ISSP,
  author        = {McBride, Patricia},
  title         = {Lecture notes from the International School of Subnuclear Physics},
  month         = {June},
  year          = {2025}
}

@unpublished{Pequenao:1095926,
      author        = "Joao Pequenao",
      title         = "{Computer generated image of the ATLAS inner detector}",
      year          = "2008",
      url           = "https://cds.cern.ch/record/1095926",
}

@phdthesis{Albouy:2024wdb,
    author = "Albouy, Guillaume",
    title = "{Search for emerging jets within dark QCD models with the ATLAS detector during the LHC's Run-3}",
    reportNumber = "tel-04972653, 2024GRALY053, CERN-THESIS-2024-255",
    school = "Laboratoire de Physique Subatomique et de Cosmologie, France, U. Grenoble Alpes",
    year = "2024"
}

@article{Dokshitzer:1991fd,
    author = "Dokshitzer, Yuri L. and Khoze, Valery A. and Troian, S. I.",
    title = "{On specific QCD properties of heavy quark fragmentation ('dead cone')}",
    doi = "10.1088/0954-3899/17/10/023",
    journal = "J. Phys. G",
    volume = "17",
    pages = "1602--1604",
    year = "1991"
}

@article{ALICE:2021aqk,
    author = "Acharya, S. and others",
    collaboration = "ALICE",
    title = "{Direct observation of the dead-cone effect in quantum chromodynamics}",
    eprint = "2106.05713",
    archivePrefix = "arXiv",
    primaryClass = "nucl-ex",
    reportNumber = "CERN-EP-2021-107",
    doi = "10.1038/s41586-022-04572-w",
    journal = "Nature",
    volume = "605",
    number = "7910",
    pages = "440--446",
    year = "2022",
    note = "[Erratum: Nature 607, E22 (2022)]"
}



@article{ATLAS:2020cli,
    author = "Aad, Georges and others",
    collaboration = "ATLAS",
    title = "{Jet energy scale and resolution measured in proton{\textendash}proton collisions at $\sqrt{s}=13$~TeV with the ATLAS detector}",
    eprint = "2007.02645",
    archivePrefix = "arXiv",
    primaryClass = "hep-ex",
    reportNumber = "CERN-EP-2020-083",
    doi = "10.1140/epjc/s10052-021-09402-3",
    journal = "Eur. Phys. J. C",
    volume = "81",
    number = "8",
    pages = "689",
    year = "2021"
}

@article{Krohn:2009th,
    author = "Krohn, David and Thaler, Jesse and Wang, Lian-Tao",
    title = "{Jet Trimming}",
    eprint = "0912.1342",
    archivePrefix = "arXiv",
    primaryClass = "hep-ph",
    doi = "10.1007/JHEP02(2010)084",
    journal = "JHEP",
    volume = "02",
    pages = "084",
    year = "2010"
}


@article{Larkoski:2014wba,
    author = "Larkoski, Andrew J. and Marzani, Simone and Soyez, Gregory and Thaler, Jesse",
    title = "{Soft Drop}",
    eprint = "1402.2657",
    archivePrefix = "arXiv",
    primaryClass = "hep-ph",
    reportNumber = "MIT-CTP-4531, DCPT-14-24, IPPP-14-12",
    doi = "10.1007/JHEP05(2014)146",
    journal = "JHEP",
    volume = "05",
    pages = "146",
    year = "2014"
}


@article{ATLAS:2017bje,
    author = "Aaboud, M. and others",
    collaboration = "ATLAS",
    title = "{Jet energy scale measurements and their systematic uncertainties in proton-proton collisions at $\sqrt{s} = 13$ TeV with the ATLAS detector}",
    eprint = "1703.09665",
    archivePrefix = "arXiv",
    primaryClass = "hep-ex",
    reportNumber = "CERN-EP-2017-038",
    doi = "10.1103/PhysRevD.96.072002",
    journal = "Phys. Rev. D",
    volume = "96",
    number = "7",
    pages = "072002",
    year = "2017"
}


@unpublished{RodriguezVera:2770604,
      author        = "Rodriguez Vera, Ana Maria and Antunes Pequenao, Joao",
      title         = "{ATLAS Detector Magnet System}",
      year          = "2021",
      url           = "https://cds.cern.ch/record/2770604",
      note          = "General Photo",
}

@unpublished{Pequenao:1095924,
      author        = "Joao Pequenao",
      title         = "{Computer generated image of the whole ATLAS detector}",
      year          = "2008",
      url           = "https://cds.cern.ch/record/1095924",
}

@article{Sandaker:1089261,
      author        = "Sandaker, Heidi",
      title         = "{SCT and TRT Performance from Cosmic Ray Runs}",
      year          = "2007",
      url           = "https://cds.cern.ch/record/1089261",
      doi           = "10.5170/CERN-2007-007.168",
}

@article{ATLAS:2016krp,
    author = "Aad, Georges and others",
    collaboration = "ATLAS",
    title = "{Topological cell clustering in the ATLAS calorimeters and its performance in LHC Run 1}",
    eprint = "1603.02934",
    archivePrefix = "arXiv",
    primaryClass = "hep-ex",
    reportNumber = "CERN-PH-EP-2015-304",
    doi = "10.1140/epjc/s10052-017-5004-5",
    journal = "Eur. Phys. J. C",
    volume = "77",
    pages = "490",
    year = "2017"
}



@article{Ducu:2024sgj,
    author = "Ducu, Otilia",
    title = "{Electron efficiency in LHC Run-2 with the ATLAS experiment}",
    eprint = "2412.19323",
    archivePrefix = "arXiv",
    primaryClass = "hep-ex",
    reportNumber = "ATL-PHYS-PROC-2024-001",
    doi = "10.1142/S0217751X2443022X",
    journal = "Int. J. Mod. Phys. A",
    volume = "40",
    number = "08",
    pages = "2443022",
    year = "2025"
}


@article{ATLAS:2019qmc,
    author = "Aad, Georges and others",
    collaboration = "ATLAS",
    title = "{Electron and photon performance measurements with the ATLAS detector using the 2015{\textendash}2017 LHC proton-proton collision data}",
    eprint = "1908.00005",
    archivePrefix = "arXiv",
    primaryClass = "hep-ex",
    reportNumber = "CERN-EP-2019-145",
    doi = "10.1088/1748-0221/14/12/P12006",
    journal = "JINST",
    volume = "14",
    number = "12",
    pages = "P12006",
    year = "2019"
}


@article{ATLAS:2016lqx,
    author = "Aad, Georges and others",
    collaboration = "ATLAS",
    title = "{Muon reconstruction performance of the ATLAS detector in proton{\textendash}proton collision data at $\sqrt{s}$ =13 TeV}",
    eprint = "1603.05598",
    archivePrefix = "arXiv",
    primaryClass = "hep-ex",
    reportNumber = "CERN-EP-2016-033",
    doi = "10.1140/epjc/s10052-016-4120-y",
    journal = "Eur. Phys. J. C",
    volume = "76",
    number = "5",
    pages = "292",
    year = "2016"
}


@article{Mehlhase:2770815,
      author        = "Mehlhase, Sascha",
      collaboration = "ATLAScollaboration",
      title         = "{ATLAS detector slice (and particle visualisations)}",
      year          = "2021",
      url           = "https://cds.cern.ch/record/2770815",
}



@article{ATLAS:2017pfq,
    collaboration = "ATLAS",
    title = "{Constituent-level pile-up mitigation techniques in ATLAS}",
    reportNumber = "ATLAS-CONF-2017-065, ATLAS-CONF-2017-065",
    month = "8",
    year = "2017"
}


@inproceedings{Bartosik:2022cxq,
    author = "Bartosik, Hannes and Rumolo, Giovanni",
    title = "{Performance of the LHC injector chain after the upgrade and potential development}",
    booktitle = "{Snowmass 2021}",
    eprint = "2203.09202",
    archivePrefix = "arXiv",
    primaryClass = "physics.acc-ph",
    month = "3",
    year = "2022"
}

@article{ParticleDataGroup:2024cfk,
    author = "Navas, S. and others",
    collaboration = "Particle Data Group",
    title = "{Review of particle physics}",
    doi = "10.1103/PhysRevD.110.030001",
    journal = "Phys. Rev. D",
    volume = "110",
    number = "3",
    pages = "030001",
    year = "2024"
}


@article{JEDI,
author = {Moreno, Eric and Cerri, Olmo and Duarte, Javier and Newman, Harvey and Nguyen, Thong and Periwal, Avikar and Pierini, Maurizio and Serikova, Aidana and Spiropulu, Maria and Vlimant, Jean-Roch},
year = {2020},
month = {01},
pages = {},
title = {JEDI-net: a jet identification algorithm based on interaction networks},
volume = {80},
journal = {The European Physical Journal C},
doi = {10.1140/epjc/s10052-020-7608-4}
}

 @misc{ wiki:sm,
   author = "Wikimedia Commons",
   title = "File:Standard Model of Elementary Particles.svg --- Wikimedia Commons{,} the free media repository",
   year = "2025",
   url = "\url{https://commons.wikimedia.org/w/index.php?title=File:Standard_Model_of_Elementary_Particles.svg&oldid=1013094830}",
   note = "[Online; accessed 30-June-2025]"
 }

@article{Andersson:1980vj,
    author = "Andersson, Bo and Gustafson, Gosta and Sjostrand, Torbjorn",
    title = "{A Three-Dimensional Model for Quark and Gluon Jets}",
    reportNumber = "LU-TP-80-1",
    doi = "10.1007/BF01557774",
    journal = "Z. Phys. C",
    volume = "6",
    pages = "235",
    year = "1980"
}

@article{Andersson:1983ia,
    author = "Andersson, Bo and Gustafson, G. and Ingelman, G. and Sjostrand, T.",
    title = "{Parton Fragmentation and String Dynamics}",
    reportNumber = "LU-TP-83-10",
    doi = "10.1016/0370-1573(83)90080-7",
    journal = "Phys. Rept.",
    volume = "97",
    pages = "31--145",
    year = "1983"
}

@book{Andersson:1997xwk,
    author = "Andersson, Bo",
    title = "{The Lund Model}",
    doi = "10.1017/9781009401296",
    isbn = "978-1-009-40129-6, 978-1-009-40125-8, 978-1-009-40128-9, 978-0-521-01734-3, 978-0-521-42094-5, 978-0-511-88149-7",
    publisher = "Cambridge University Press",
    series = "Cambridge Monographs on Particle Physics, Nuclear Physics and Cosmology",
    volume = "7",
    month = "7",
    year = "2023"
}

@article{Dreyer:2018nbf,
    author = "Dreyer, Fr\'ed\'eric A. and Salam, Gavin P. and Soyez, Gr\'egory",
    title = "{The Lund Jet Plane}",
    eprint = "1807.04758",
    archivePrefix = "arXiv",
    primaryClass = "hep-ph",
    reportNumber = "CERN-TH-2018-151",
    doi = "10.1007/JHEP12(2018)064",
    journal = "JHEP",
    volume = "12",
    pages = "064",
    year = "2018"
}

@article{Dreyer:2020brq,
    author = "Dreyer, Fr\'ed\'eric A. and Qu, Huilin",
    title = "{Jet tagging in the Lund plane with graph networks}",
    eprint = "2012.08526",
    archivePrefix = "arXiv",
    primaryClass = "hep-ph",
    reportNumber = "OUTP-20-15P",
    doi = "10.1007/JHEP03(2021)052",
    journal = "JHEP",
    volume = "03",
    pages = "052",
    year = "2021"
}

@article{Dasgupta:2013ihk,
    author = "Dasgupta, Mrinal and Fregoso, Alessandro and Marzani, Simone and Salam, Gavin P.",
    title = "{Towards an understanding of jet substructure}",
    eprint = "1307.0007",
    archivePrefix = "arXiv",
    primaryClass = "hep-ph",
    reportNumber = "CERN-PH-TH-2013-145, DCPT-13-86, IPPP-13-43, LPN13-036, MAN-HEP-2013-12",
    doi = "10.1007/JHEP09(2013)029",
    journal = "JHEP",
    volume = "09",
    pages = "029",
    year = "2013"
}

@article{Larkoski:2014wba,
    author = "Larkoski, Andrew J. and Marzani, Simone and Soyez, Gregory and Thaler, Jesse",
    title = "{Soft Drop}",
    eprint = "1402.2657",
    archivePrefix = "arXiv",
    primaryClass = "hep-ph",
    reportNumber = "MIT-CTP-4531, DCPT-14-24, IPPP-14-12",
    doi = "10.1007/JHEP05(2014)146",
    journal = "JHEP",
    volume = "05",
    pages = "146",
    year = "2014"
}

@article{Reichelt:2021svh,
    author = "Reichelt, Daniel and Caletti, Simone and Fedkevych, Oleh and Marzani, Simone and Schumann, Steffen and Soyez, Gregory",
    title = "{Phenomenology of jet angularities at the LHC}",
    eprint = "2112.09545",
    archivePrefix = "arXiv",
    primaryClass = "hep-ph",
    reportNumber = "MCNET-21-36, IPPP/21/57",
    doi = "10.1007/JHEP03(2022)131",
    journal = "JHEP",
    volume = "03",
    pages = "131",
    year = "2022"
}

@article{Larkoski:2014pca,
    author = "Larkoski, Andrew J. and Thaler, Jesse and Waalewijn, Wouter J.",
    title = "{Gaining (Mutual) Information about Quark/Gluon Discrimination}",
    eprint = "1408.3122",
    archivePrefix = "arXiv",
    primaryClass = "hep-ph",
    reportNumber = "MIT--CTP-4572, NIKHEF-2014-026",
    doi = "10.1007/JHEP11(2014)129",
    journal = "JHEP",
    volume = "11",
    pages = "129",
    year = "2014"
}

@proceedings{Proceedings:2018jsb,
    author = "Andersen, J. R. and others",
    title = "{Les Houches 2017: Physics at TeV Colliders Standard Model Working Group Report}",
    eprint = "1803.07977",
    archivePrefix = "arXiv",
    primaryClass = "hep-ph",
    reportNumber = "FERMILAB-CONF-18-122-CD-T, UWTHPH-2018-5",
    month = "3",
    year = "2018"
}

@article{Gras:2017jty,
    author = {Gras, Philippe and H\"oche, Stefan and Kar, Deepak and Larkoski, Andrew and L\"onnblad, Leif and Pl\"atzer, Simon and Si\'odmok, Andrzej and Skands, Peter and Soyez, Gregory and Thaler, Jesse},
    title = "{Systematics of quark/gluon tagging}",
    eprint = "1704.03878",
    archivePrefix = "arXiv",
    primaryClass = "hep-ph",
    reportNumber = "MIT-CTP-4885, COEPP-MN-17-2, MCNET-17-04",
    doi = "10.1007/JHEP07(2017)091",
    journal = "JHEP",
    volume = "07",
    pages = "091",
    year = "2017"
}

@article{Dhani:2024gtx,
    author = "Dhani, Prasanna K. and Fedkevych, Oleh and Ghira, Andrea and Marzani, Simone and Soyez, Gregory",
    title = "{Heavy Flavour Jet Substructure}",
    eprint = "2410.05415",
    archivePrefix = "arXiv",
    primaryClass = "hep-ph",
    month = "10",
    year = "2024"
}


@article{ATLAS:2019kwg,
    author = "Aaboud, Morad and others",
    collaboration = "ATLAS",
    title = "{Measurement of jet-substructure observables in top quark, $W$ boson and light jet production in proton-proton collisions at $\sqrt{s}=13$ TeV with the ATLAS detector}",
    eprint = "1903.02942",
    archivePrefix = "arXiv",
    primaryClass = "hep-ex",
    reportNumber = "CERN-EP-2019-011",
    doi = "10.1007/JHEP08(2019)033",
    journal = "JHEP",
    volume = "08",
    pages = "033",
    year = "2019"
}

@article{CMS:2021vsp,
    collaboration = "CMS",
    title = "{Study of quark and gluon jet substructure in dijet and $\text{Z}$+jet events from $\text{p}\text{p}$ collisions}",
    reportNumber = "CMS-PAS-SMP-20-010",
    year = "2021"
}

@article{ALICE:2021njq,
    author = "Acharya, Shreyasi and others",
    collaboration = "ALICE",
    title = "{Measurements of the groomed and ungroomed jet angularities in pp collisions at $ \sqrt{s} $ = 5.02 TeV}",
    eprint = "2107.11303",
    archivePrefix = "arXiv",
    primaryClass = "nucl-ex",
    reportNumber = "CERN-EP-2021-145",
    doi = "10.1007/JHEP05(2022)061",
    journal = "JHEP",
    volume = "05",
    pages = "061",
    year = "2022"
}

@article{Dhankher:2024rkv,
    author = "Dhankher, Preeti",
    collaboration = "ALICE",
    title = "{First measurement of jet angularities with D$^0$-meson tagged jets with ALICE}",
    doi = "10.22323/1.438.0140",
    journal = "PoS",
    volume = "HardProbes2023",
    pages = "140",
    year = "2024"
}


@article{CMS:2023lpp,
    author = "Hayrapetyan, Aram and others",
    collaboration = "CMS",
    title = "{Measurement of the primary Lund jet plane density in proton-proton collisions at $ \sqrt{\textrm{s}} $ = 13 TeV}",
    eprint = "2312.16343",
    archivePrefix = "arXiv",
    primaryClass = "hep-ex",
    reportNumber = "CMS-SMP-22-007, CERN-EP-2023-282",
    doi = "10.1007/JHEP05(2024)116",
    journal = "JHEP",
    volume = "05",
    pages = "116",
    year = "2024"
}

@article{ATLAS:2024wrd,
    author = "Aad, Georges and others",
    collaboration = "ATLAS",
    title = "{Measurements of Lund subjet multiplicities in 13 TeV proton-proton collisions with the ATLAS detector}",
    eprint = "2402.13052",
    archivePrefix = "arXiv",
    primaryClass = "hep-ex",
    reportNumber = "CERN-EP-2024-029",
    doi = "10.1016/j.physletb.2024.139090",
    journal = "Phys. Lett. B",
    volume = "859",
    pages = "139090",
    year = "2024"
}


@article{ATLAS:2024dua,
    author = "Aad, Georges and others",
    collaboration = "ATLAS",
    title = "{Measurement of the Lund jet plane in hadronic decays of top quarks and W bosons with the ATLAS detector}",
    eprint = "2407.10879",
    archivePrefix = "arXiv",
    primaryClass = "hep-ex",
    reportNumber = "CERN-EP-2024-169",
    month = "7",
    year = "2024"
}


@article{ALICE:2021yet,
    collaboration = "ALICE",
    title = "{Physics Preliminary Summary: Measurement of the primary Lund plane density in pp collisions at    $\sqrt{s} = \rm{13}$ TeV with ALICE}",
    reportNumber = "ALICE-PUBLIC-2021-002",
    year = "2021"
}


@article{ATLAS:2020bbn,
    author = "Aad, Georges and others",
    collaboration = "ATLAS",
    title = "{Measurement of the Lund Jet Plane Using Charged Particles in 13 TeV Proton-Proton Collisions with the ATLAS Detector}",
    eprint = "2004.03540",
    archivePrefix = "arXiv",
    primaryClass = "hep-ex",
    reportNumber = "CERN-EP-2020-030",
    doi = "10.1103/PhysRevLett.124.222002",
    journal = "Phys. Rev. Lett.",
    volume = "124",
    number = "22",
    pages = "222002",
    year = "2020"
}

@article{CMS:2024gds,
    collaboration = "CMS",
    title = "{Jet fragmentation function and groomed substructure of bottom quark jets in proton-proton collisions at 5.02 TeV}",
    reportNumber = "CMS-PAS-HIN-24-005",
    year = "2024"
}

@article{ATLAS:2022qxm,
    author = "Aad, Georges and others",
    collaboration = "ATLAS",
    title = "{ATLAS flavour-tagging algorithms for the LHC Run 2 pp collision dataset}",
    eprint = "2211.16345",
    archivePrefix = "arXiv",
    primaryClass = "physics.data-an",
    reportNumber = "CERN-EP-2022-226",
    doi = "10.1140/epjc/s10052-023-11699-1",
    journal = "Eur. Phys. J. C",
    volume = "83",
    number = "7",
    pages = "681",
    year = "2023"
}

@article{Larkoski:2014pca,
    author = "Larkoski, Andrew J. and Thaler, Jesse and Waalewijn, Wouter J.",
    title = "{Gaining (Mutual) Information about Quark/Gluon Discrimination}",
    eprint = "1408.3122",
    archivePrefix = "arXiv",
    primaryClass = "hep-ph",
    reportNumber = "MIT--CTP-4572, NIKHEF-2014-026",
    doi = "10.1007/JHEP11(2014)129",
    journal = "JHEP",
    volume = "11",
    pages = "129",
    year = "2014"
}

 @misc{ wiki:running,
   author = "Wikimedia Commons",
   title = "File:Running coupling constants.svg --- Wikimedia Commons{,} the free media repository",
   year = "2020",
   url = "\url{https://commons.wikimedia.org/w/index.php?title=File:Running_coupling_constants.svg&oldid=507424081}",
   note = "[Online; accessed 30-June-2025]"
 }

@article{Fedkevych:2022mid,
    author = "Fedkevych, Oleh and Khosa, Charanjit K. and Marzani, Simone and Sforza, Federico",
    title = "{Identification of b jets using QCD-inspired observables}",
    eprint = "2202.05082",
    archivePrefix = "arXiv",
    primaryClass = "hep-ph",
    doi = "10.1103/PhysRevD.107.034032",
    journal = "Phys. Rev. D",
    volume = "107",
    number = "3",
    pages = "034032",
    year = "2023"
}

@article{Cavallini:2021vot,
    author = "Cavallini, Luca and Coccaro, Andrea and Khosa, Charanjit K. and Manco, Giulia and Marzani, Simone and Parodi, Fabrizio and Rebuzzi, Daniela and Rescia, Alberto and Stagnitto, Giovanni",
    title = "{Tagging the Higgs boson decay to bottom quarks with colour-sensitive observables and the Lund jet plane}",
    eprint = "2112.09650",
    archivePrefix = "arXiv",
    primaryClass = "hep-ph",
    reportNumber = "ZU-TH 50/21",
    doi = "10.1140/epjc/s10052-022-10447-1",
    journal = "Eur. Phys. J. C",
    volume = "82",
    number = "5",
    pages = "493",
    year = "2022"
}

@article{Maltoni:2016ays,
    author = "Maltoni, Fabio and Selvaggi, Michele and Thaler, Jesse",
    title = "{Exposing the dead cone effect with jet substructure techniques}",
    eprint = "1606.03449",
    archivePrefix = "arXiv",
    primaryClass = "hep-ph",
    reportNumber = "CP3-16-27, MIT-CTP-4810",
    doi = "10.1103/PhysRevD.94.054015",
    journal = "Phys. Rev. D",
    volume = "94",
    number = "5",
    pages = "054015",
    year = "2016"
}

@article{Cunqueiro:2018jbh,
    author = "Cunqueiro, Leticia and P\l{}osko\'n, Mateusz",
    title = "{Searching for the dead cone effects with iterative declustering of heavy-flavor jets}",
    eprint = "1812.00102",
    archivePrefix = "arXiv",
    primaryClass = "hep-ph",
    doi = "10.1103/PhysRevD.99.074027",
    journal = "Phys. Rev. D",
    volume = "99",
    number = "7",
    pages = "074027",
    year = "2019"
}

@article{NNPDF:2017mvq,
    author = "Ball, Richard D. and others",
    collaboration = "NNPDF",
    title = "{Parton distributions from high-precision collider data}",
    eprint = "1706.00428",
    archivePrefix = "arXiv",
    primaryClass = "hep-ph",
    reportNumber = "EDINBURGH-2017-08, NIKHEF-2017-006, OUTP-17-04P, TIF-UNIMI-2017-3, CAVENDISH-HEP-17-06, CERN-TH-2017-077, Edinburgh 2017/08,
  Nikhef/2017-006, OUTP-17-04P,TIF-UNIMI-2017-3",
    doi = "10.1140/epjc/s10052-017-5199-5",
    journal = "Eur. Phys. J. C",
    volume = "77",
    number = "10",
    pages = "663",
    year = "2017"
}


@article{ALICE:2022phr,
    author = "Acharya, Shreyasi and others",
    collaboration = "ALICE",
    title = "{Measurements of Groomed-Jet Substructure of Charm Jets Tagged by D0 Mesons in Proton-Proton Collisions at s=13\,\,TeV}",
    eprint = "2208.04857",
    archivePrefix = "arXiv",
    primaryClass = "nucl-ex",
    reportNumber = "CERN-EP-2022-171",
    doi = "10.1103/PhysRevLett.131.192301",
    journal = "Phys. Rev. Lett.",
    volume = "131",
    number = "19",
    pages = "192301",
    year = "2023"
}








